% This file was created with JabRef 2.9.2. 
% Encoding: Cp1252 

@INPROCEEDINGS{Allan2006, 
  author = {allan, B. G., and owens, Lewis R.}, 
  title = {Numerical Modeling of Flow Control in a Boundary Layer Ingesting 
	Offset Inlet Diffuser at Transonic Mach Numbers}, 
  booktitle = {44th AIAA Aerospace Sciences Meeting and Exhibit}, 
  year = {2006}, 
   owner = {jgladin}, 
   timestamp = {2013.02.27} 
 } 
 

 @INPROCEEDINGS{Allan2004, 
   author = {Allan, B. G., and Owens, Lewis R., and berrier, Bobby L.}, 
   title = {Numberical Modeling of Active Flow Control in a Boundary Layer Ingesting 
 	Offset Inlet}, 
   booktitle = {2nd AIAA Flow Control Conference}, 
   year = {2004}, 
   owner = {jgladin}, 
   timestamp = {2013.02.27} 
 } 
 
 
@INPROCEEDINGS{Owens2006, 
  author = {Allan, B. G., and Owens, Lewis R., and Lin, John C.}, 
  title = {Optimal Design of Passive Flow Control for a Boundary- 
	 
	Layer-Ingesting Offset Inlet Using Design-of-Experiments}, 
  booktitle = {44th AIAA Aerospace Sciences Meeting and Exhibit}, 
  year = {2006}, 
  owner = {jgladin}, 
  timestamp = {2013.02.27} 
} 


@BOOK{Anderson2001, 
  title = {Fundamentals of Aerodynamics}, 
  publisher = {McGraw-Hill}, 
  year = {2001}, 
  author = {Anderson, John D.}, 
  owner = {jgladin}, 
  timestamp = {2013.07.16} 
} 


@INPROCEEDINGS{Berrier2004, 
  author = {Berrier, Bobby L., and Allan, Brian G.}, 
  title = {Experimental and Computational Evaluation of Flush-Mounted, S-Duct 
	Inlets}, 
  booktitle = {42nd AIAA Aerospace Sciences Meeting and Exhibit}, 
  year = {2004}, 
  owner = {jgladin}, 
  timestamp = {2013.02.27} 
} 


@UNPUBLISHED{Berrier, 
  author = {Berrier, Bobby L., and Morehouse, Melissa B.}, 
  title = {Evaluation of Flush-Mounted, S-Duct Inlets with Large Amounts of 
	Boundary Layer Ingestion}, 
  owner = {jgladin}, 
  timestamp = {2013.02.27} 
} 


@TECHREPORT{Bradley2012, 
  author = {Bradley, Marty K., and Droney, Christopher K.}, 
  title = {Subsonic Ultra Green Aircraft Research Phase II: N+4 Advanced Concept 
	Development}, 
  institution = {NASA}, 
  year = {2012}, 
  owner = {jgladin}, 
  timestamp = {2013.02.27} 
} 


@INPROCEEDINGS{Campbell2005, 
  author = {Campbell, Richard L., and Carter, Melissa B., and Pendergraft, Odis 
	C., and Friedman, Douglas M., and serrano, L.}, 
  title = {Design and Testing of a Blended Wing Body with Boundary 
	 
	Layer Ingestion Nacelles at High Reynolds Numbers}, 
  booktitle = {43rd AIAA Aerospace Sciences Meeting and Exhibit}, 
  year = {2005}, 
  owner = {jgladin}, 
  timestamp = {2013.02.27} 
} 


@ARTICLE{Carter2006, 
  author = {Carter, Melissa B., and Campbell, Richard L., and Pendergraft, Odis 
	C., and Friedman, Douglas M., and Serrano, L.}, 
  title = {Designing and Testing a Blended Wing Body 
	 
	with Boundary-Layer Ingestion Nacelles}, 
  journal = {Journal of Aircraft}, 
  year = {2006}, 
  volume = {43}, 
  pages = {1479-1489}, 
  owner = {jgladin}, 
  timestamp = {2013.02.27} 
} 


@TECHREPORT{ARP1420, 
  author = {SAE S-16 Committee}, 
   title = {Gas Turbine Inlet Flow Distortion Guidelines}, 
   institution = {Society of Automotive Engineers}, 
   year = {2002}, 
   number = {ARP 1420, Revision B}, 
   owner = {jgladin}, 
   timestamp = {2013.07.16} 
 } 
 

 @CONFERENCE{Cousins2011, 
   author = {Cousins, William T. and Davis, Milt W.}, 
   title = {Evaluating Complex Inlet Distortion with a Parallel Compressor Model: 
 	Part 1 -- Concepts, Theory, Extensions, and Limitations}, 
   booktitle = {Proceedings of ASME Turbo Expo 2011}, 
   year = {2011}, 
   owner = {jgladin}, 
   timestamp = {2013.07.16} 
 } 
 

 @ARTICLE{Cumpsty2006, 
   author = {Cumpsty, N.A., and Horlock, J.H}, 
   title = {Averaging Aerodynamics Flows for a Purpose}, 
   journal = {Journal of Turbomachinery}, 
   year = {2006}, 
   volume = {128}, 
   month = {January} 
 } 
 

 @TECHREPORT{Douglass1970, 
   author = {Douglass, W.M.}, 
   title = {Propulsive Efficiency with Boundary Layer Ingestion}, 
   institution = {McDonnell Douglas}, 
   year = {1970}, 
   owner = {jgladin}, 
   timestamp = {2013.02.27} 
 } 
 

 @PHDTHESIS{DrelaThesis, 
   author = {Mark Drela}, 
   title = {Two-dimensional transonic aerodynamic design and analysis using the 
 	euler equations}, 
   school = {Massachusetts Institute of Technology}, 
   year = {1985}, 
   owner = {jgladin}, 
   timestamp = {2013.07.16} 
 } 
 

 @ARTICLE{Drela2009, 
   author = {Drela, Mark,}, 
   title = {Power Balance in Aerodynamic Flows}, 
   journal = {AIAA Journal}, 
   year = {2009}, 
   volume = {47}, 
   number = {7}, 
   month = {July} 
 } 
 

 @INPROCEEDINGS{Ferrar2012, 
   author = {Ferrar, Anthony M., O'Brien Walter F.}, 
   title = {Progress in Boundary Layer Ingesting Embedded 
 	 
 	Engine Research}, 
   booktitle = {48th AIAA/ASME/SAE/ASEE Joint Propulsion Conference \& Exhibit}, 
   year = {2012}, 
   owner = {jgladin}, 
   timestamp = {2013.02.27} 
 } 
 

 @INPROCEEDINGS{Ferrar2011, 
   author = {Ferrar, Anthony M., O'Brien Walter F.}, 
   title = {Flow in Boundary Layer Ingesting Serpentine Inlets}, 
   booktitle = {47th AIAA/ASME/SAE/ASEE Joint Propulsion Conference \& Exhibit}, 
   year = {2011}, 
   owner = {jgladin}, 
   timestamp = {2013.02.27} 
 } 
 

 @INPROCEEDINGS{Ferrar2009, 
   author = {Ferrar, Anthony M., and O'Brien, Walter F., and Ng, Wing F.}, 
   title = {Active Control of Flow in Serpentine Inlets for Blended 
 	 
 	Wing-Body Aircraft}, 
   booktitle = {45th AIAA/ASME/SAE/ASEE Joint Propulsion Conference \& Exhibit}, 
   year = {2009}, 
   month = {August}, 
   owner = {jgladin}, 
   timestamp = {2013.02.27} 
 } 
 

 @TECHREPORT{Fleming2005, 
   author = {Fleming, John, and Anderson, Jason, and Ng, Wing, and Harrison, Neal}, 
   title = {Sensing and Active Flow Control for Advanced BWB Propulsion-Airframe 
 	Integration Concepts}, 
   institution = {NASA}, 
   year = {2005}, 
   owner = {jgladin}, 
   timestamp = {2013.02.27} 
 } 
 

 @CONFERENCE{Florea2013, 
   author = {Florea, Razvan V. and Voytovych, Dymytro and Tillman, Gregory and 
 	Stucky, Mark and shabbir, A. and Sharma, Om P. and arend, D. J.}, 
   title = {Aerodynamic Analysis of a Boundary Layer Ingesting Distortion-Tolerant 
 	Fan}, 
   booktitle = {Proceedings of ASME Turbo Expo 2013:  Turbine Technical Conference 
 	and Exposition}, 
   year = {2013}, 
   owner = {jgladin}, 
   timestamp = {2013.07.16} 
 } 
 

 @INPROCEEDINGS{Florea2012, 
   author = {Florea, Razvan V., and Matalanis, Claude, and Hardin, Larry W., and 
 	Stucky, Mark, and Shabbir, Aamir}, 
   title = {Parametric Analysis and Design for Embedded Engine Inlets}, 
   booktitle = {48th AIAA/ASME/SAE/ASEE Joint Propulsion Conference \& Exhibit}, 
   year = {2012}, 
   owner = {jgladin}, 
   timestamp = {2013.02.27} 
 } 
 

 @MASTERSTHESIS{Freuler2005, 
   author = {Freuler, Patrick N.}, 
   title = {Boundary Layer Ingesting Inlet Design for a Silent Aircraft}, 
   school = {Massachusetts Institute of Technology}, 
   year = {2005}, 
   owner = {jgladin}, 
   timestamp = {2013.02.27} 
 } 
 

 @ARTICLE{Garg2009, 
   author = {Garg, Mridula and Choudhary, S. and Kalla, S. L.}, 
   title = {On the Sum of Two Triangular Random Variables}, 
   journal = {International Journal of Optimization:  Theory, Methods, and Applications}, 
   year = {2009}, 
   volume = {1}, 
   pages = {279-290}, 
   owner = {jgladin}, 
   timestamp = {2013.07.16} 
 } 
 

 @TECHREPORT{Greitzer2010, 
   author = {Greitzer, E.M.}, 
   title = {MIT N+3 Final Report, Volume 2: Appendices ï¿½ Design Methodologies 
 	for Aerodynamics, Structures, Weight, and Thermodynamic Cycles}, 
   institution = {Massachussetts Institute of Technology}, 
   year = {2010}, 
   owner = {jgladin}, 
   timestamp = {2013.02.27} 
 } 
 

 @ARTICLE{Guo2003, 
   author = {Guo, Junke, and Julien, Pierre Y., and Meroney, Robert N.}, 
   title = {Modified log-wake law for zero-pressure-gradient turbulent boundary 
 	layers}, 
   journal = {Journal of Hydraulic Research}, 
   year = {2003}, 
   volume = {41}, 
   pages = {pp. 493}, 
   number = {5} 
 } 
 

 @CONFERENCE{Hardin2012, 
   author = {Hardin, Larry W. and Tillman, Gregory, and Sharma, Om P., and Berton, 
 	Jeffrey, and Arend, David J.}, 
   title = {Aircraft System Study of Boundary Layer Ingesting Propulsion}, 
   booktitle = {48th AIAA/ASME/SAE/ASEE Joint Propulsion Conference \& Exhibit}, 
   year = {2012}, 
   owner = {jgladin}, 
   timestamp = {2013.07.16} 
 } 
 

 @MANUAL{Kawai2006, 
   title = {Blended Wing Body(BWB) Boundary Layer Ingestion (BLI) Inlet Configuration 
 	and System Studies}, 
   author = {Kawai, Ronald T, and Friedman, Douglas M., and Serrano, Leone}, 
   organization = {NASA}, 
   note = {CR-2006-214534}, 
   owner = {jgladin}, 
   timestamp = {2013.02.27} 
 } 
 

 @INPROCEEDINGS{Kestner2011, 
   author = {Kestner, Brian K., and Schutte, Jeff S., and Gladin, Jonathan C., 
 	and Mavris, Dimitri N.}, 
   title = {Ultra High Bypass Ratio Engine Sizing And Cycle Selection Study For 
 	A Subsonic Commercial Aircraft In The N+2 Timeframe}, 
   booktitle = {ASME Gas Turbine Exposition}, 
   year = {2011}, 
   address = {Vancouver, Canada} 
 } 
 

 @CONFERENCE{Kim2012, 
   author = {Kim, Hyoungjin and Liou}, 
   title = {Optimal Inlet Shape Design of N2B Hybrid Wing Body Configuration}, 
   booktitle = {48th AIAA/ASME/SAE/ASEE Joint Propulsion Conference \& Exhibit}, 
   year = {2012}, 
   owner = {jgladin}, 
   timestamp = {2013.07.16} 
 } 
 

 @INPROCEEDINGS{KimICAS2010, 
   author = {Kim, Hyun Dae}, 
   title = {Distributed Propulsion Vehicles}, 
   booktitle = {27TH INTERNATIONAL CONGRESS OF THE AERONAUTICAL SCIENCES}, 
   year = {2010}, 
   owner = {jgladin}, 
   timestamp = {2013.02.27} 
 } 
 

 @INPROCEEDINGS{Kim2011, 
   author = {Kim, Hyum Dae and Felder, James L.}, 
   title = {Control Volume Analysis of Boundary Layer Ingesting Propulsion Systems 
 	With or Without Shock Wave Ahead of the Inlet}, 
   booktitle = {AIAA Aerospace Sciences Meeting Including the New Horizons Forum 
 	and Aerospace Exposition}, 
   year = {2011}, 
   address = {Orlando, Florida} 
 } 
 

 @INPROCEEDINGS{Felder2011, 
   author = {Kim, Hyum Dae, and Felder, James L., and Brown, Gerald V.}, 
   title = {An examination of the effect of Boundary Layer Ingestion on Turboelectric 
 	Distributed Propulsion Systems}, 
   booktitle = {Proc. AIAA Aerospace Sciences Meeting Including the New Horizons 
 	Forum and Aerospace Exposition}, 
   year = {2011}, 
   address = {Orland, Florida} 
 } 
 

 @PHDTHESIS{Ko2003, 
   author = {Ko, Yan-Yee Andy}, 
   title = {The Multidisciplinary Design Optimization of a Distributed Propulsion 
 	Blended-Wing-Body Aircraft}, 
   school = {Virginia Polytechnic Institute and State University}, 
   year = {2003}, 
   owner = {jgladin}, 
   timestamp = {2013.02.27} 
 } 
 

 @INPROCEEDINGS{Kok2010, 
   author = {Kok, H.J.M., and Voskuijl, Mark, and van Tooren J.L., Michel}, 
   title = {Distributed Propulsion featuring Boundary Layer Ingestion Engines 
 	for the Blended Wing Body Subsonic Transport}, 
   booktitle = {51st AIAA/ASME/ASCE/AHS/ASC Structures, Structural Dynamics, and 
 	Materials Conference<BR> 
 	 
 	18th}, 
   year = {2010}, 
   owner = {jgladin}, 
   timestamp = {2013.02.27} 
 } 
 

 @INPROCEEDINGS{Liebeck2003, 
   author = {Liebeck, R.H.}, 
   title = {Blended Wing Body Design Challenges}, 
   booktitle = {AIAA/ICAS International Air and Space Symposium and Exposition: The 
 	Next 100 Years}, 
   year = {2003}, 
   owner = {jgladin}, 
   timestamp = {2013.02.27} 
 } 
 

 @INPROCEEDINGS{Liebeck2002, 
   author = {Liebeck, R.}, 
   title = {Design of the Bleded-Wing-Body Subsonic Transport}, 
   booktitle = {40th AIAA Aerospace Sciences Meeting \& Exhibit}, 
   year = {2002}, 
   owner = {jgladin}, 
   timestamp = {2013.02.27} 
 } 
 

 @ARTICLE{Liou2012, 
   author = {Liou, Meng-Sing, and Joon Lee, Byung}, 
   title = {Minimizing Inlet Distortion for Hybrid Wing Body Aircraft}, 
   journal = {Journal of Turbomachinery}, 
   year = {2012}, 
   volume = {134}, 
   month = {May} 
 } 
 

 @BOOKLET{Greitzer1993, 
   title = {Inlet Distortion Effects in Aircraft Propulsion System Integration}, 
   author = {Longley, J.P and Greitzer, E.}, 
   year = {1993}, 
   owner = {jgladin}, 
   timestamp = {2013.07.16} 
 } 
 

 @TECHREPORT{Lynch1960, 
   author = {Lynch, F.T.}, 
   title = {A Theoretical Investigation of the Effect of Ingesting Airframe Boundary 
 	Layer Air on Turbofan Engine Fuel Consumption}, 
   institution = {Douglas Aircraft Company}, 
   year = {1960}, 
   owner = {jgladin}, 
   timestamp = {2013.02.27} 
 } 
 

 @TECHREPORT{Nickol2008, 
   author = {Nickol, Craig L.}, 
   title = {Silent Aircraft Initiative Concept Risk Assessment}, 
   institution = {NASA}, 
   year = {2008}, 
   owner = {jgladin}, 
   timestamp = {2013.02.27} 
 } 
 

 @INPROCEEDINGS{Nickol2009, 
   author = {Nickol, Craig L., and McCullers, Linwood A.}, 
   title = {Hybrid Wing Body Configuration System Studies}, 
   booktitle = {47th AIAA Aerospace Sciences Meeting Including The New Horizons Forum 
 	and Aerospace Exposition}, 
   year = {2009}, 
   owner = {jgladin}, 
   timestamp = {2013.02.27} 
 } 
 

 @BOOK{Oates1989, 
   title = {Aircraft Propulsion Systems Technology and Design}, 
   publisher = {American Institute of Aeronautics and Astronautics}, 
   year = {1989}, 
   author = {Oates, Gordon}, 
   owner = {jgladin}, 
   timestamp = {2013.07.16} 
 } 
 

 @ARTICLE{Owens2008, 
   author = {Owens, Lewis R., and Allan, Brian G., and Gorton, Susan A.}, 
   title = {Boundary-Layer-Ingesting Inlet Flow Control}, 
   journal = {Journal of Aircraft}, 
   year = {2008}, 
   volume = {45}, 
   pages = {100}, 
   number = {4}, 
   month = {July-August}, 
   owner = {jgladin}, 
   timestamp = {2013.02.27} 
 } 
 

 @MASTERSTHESIS{PlasThesis, 
   author = {Plas, Angelique}, 
   title = {PerAircraft of a Boundary Layer Ingesting Propulsion System}, 
   school = {Massachussetts Institute of Technology}, 
   year = {2006}, 
   owner = {jgladin}, 
   timestamp = {2013.02.27} 
 } 
 

 @INPROCEEDINGS{Plas2007, 
   author = {Plas, A.P., and Sargeant, M.A., and Madani, V., and Crichton, D., 
 	and Greitzer, E.M., and Hynes, T.P., and Hall, C.A.}, 
   title = {Performance of a Boundary Layer Ingesting (BLI) propulsion system}, 
   booktitle = {AIAA Aerospace Sciences Meeting and Exhibit}, 
   year = {2007}, 
   address = {Reno, Nevada} 
 } 
 

 @MASTERSTHESIS{Qian2004, 
   author = {Qian, Ma}, 
   title = {Application of Modified Log-Wake Law in Nonzero-Pressure-Gradient 
 	Turbulent Boundary Layers}, 
   school = {National University of Singapore}, 
   year = {2004} 
 } 
 

 @PHDTHESIS{RodriguezThesis, 
   author = {Rodriguez, David L.}, 
   title = {A Multidisciplinary Optimization Method for Designing Boundary Layer 
 	Ingesting Inlets}, 
   school = {Stanford University}, 
   year = {2001}, 
   owner = {jgladin}, 
   timestamp = {2013.02.27} 
 } 
 

 @ARTICLE{Rodriguez2009, 
   author = {Rodriguez,David L.,}, 
   title = {Multi-Disciplinary Optimization Method for Designing Boundary-Layer-Ingesting 
 	Inlets}, 
   journal = {Journal of Aircraft}, 
   year = {2009}, 
   volume = {46}, 
   number = {3} 
 } 
 

 @UNPUBLISHED{Sands2010, 
   author = {Sands, Jonathan S.}, 
   title = {Modeling the Effects of Boundary Layer Ingesting (BLI) Propulsion 
 	Systems on Vehicle Sizing}, 
   note = {AE 8900 Special Problems, School of Aerospace Engineering}, 
   year = {2010}, 
   institution = {GA Institute of Technology} 
 } 
 

 @INPROCEEDINGS{Sands2011, 
   author = {Sands, Jonathan, and Gladin, Jonathan, and Kestner, Brian, and Mavris, 
 	Dimitri N.}, 
   title = {Effects of Boundary Layer Ingesting (BLI) Propulsion Systems on Engine 
 	Cycle Selection and HWB Vehicle Sizing}, 
   booktitle = {AIAA Aerospace Sciences Meeting Including the New Horizons Forum 
 	and Aerospace Exposition}, 
   year = {2011}, 
   address = {Nashville, TN} 
 } 
 

 @INPROCEEDINGS{Sato2011, 
   author = {Sato, Sho, and Pritesh, Mody C., and Hall, David K., and De la Rosa 
 	Blanco, Elena, and Hileman, James I.}, 
   title = {Assessment of Propulsion System Configuration and 
 	 
 	Fuel Composition on Hybrid Wing Body Fuel Efficiency}, 
   booktitle = {49th AIAA Aerospace Sciences Meeting including the New Horizons Forum 
 	and Aerospace Exposition}, 
   year = {2011}, 
   owner = {jgladin}, 
   timestamp = {2013.02.27} 
 } 
 

 @PHDTHESIS{SchutteThesis, 
   author = {Schutte, Jeffrey Scott}, 
   title = {Simultaneous Multi-Design Point Approach to Gas Turbine On-Design 
 	Cycle Analysis for Aircraft Engines}, 
   school = {Georgia Institute of Technology}, 
   year = {2009}, 
   owner = {jgladin}, 
   timestamp = {2013.02.27} 
 } 
 

 @INPROCEEDINGS{Schutte2011, 
   author = {Schutte, Jeff, and S.Hernando, Jimenez, and Mavris, Dimitri N.}, 
   title = {Technology Assessment of NASA Environmentally Responsible Aviation 
 	Advanced Vehicle Concepts}, 
   booktitle = {AIAA Aerospace Sciences Meeting Including the New Horizons Forum 
 	and Aerospace Exposition}, 
   year = {2011}, 
   address = {Orlando, Florida} 
 } 
 

 @BOOK{Shedon1999, 
   title = {Intake aerodynamics. 2nd ed.}, 
   publisher = {Oxford: Blackwell Science.}, 
   year = {1999}, 
   author = {Shedon, J. } 
 } 
 

 @ARTICLE{Smith1947, 
   author = {Smith, A.M.O., and Roberts, H.E.}, 
   title = {The Jet Airplane Utilizing Boundary Layer Air for Propulsion}, 
   journal = {Journal of the Aeronautical Sciences}, 
   year = {1947}, 
   volume = {14}, 
   pages = {97-109}, 
   owner = {jgladin}, 
   timestamp = {2013.02.27} 
 } 
 

 @ARTICLE{Smith1993, 
   author = {Smith, Leroy H.}, 
   title = {Wake Ingestion Propulsion Benefit}, 
   journal = {Journal of Propulsion and Power}, 
   year = {1993}, 
   volume = {9}, 
   pages = {74-82}, 
   owner = {jgladin}, 
   timestamp = {2013.02.27} 
 } 
 

 @BOOK{Mattingly2002, 
   title = {Aircraft Engine Design}, 
   publisher = {AIAA Education Series, second ed.}, 
   year = {2002}, 
   author = {Mattingly, J.D., and Heiser, W.H., and Daley, D.H. } 
 } 
